<?xml version="1.0" encoding="UTF-8"?><record xmlns="http://www.loc.gov/MARC21/slim" xmlns:cinclude="http://apache.org/cocoon/include/1.0" xmlns:zs="http://www.loc.gov/zing/srw/">
  <leader>00937nz  a2200217n  4500</leader>
  <controlfield tag="001">no2014103175</controlfield>
  <controlfield tag="003">DLC</controlfield>
  <controlfield tag="005">20140806073554.0</controlfield>
  <controlfield tag="008">140805n| azannaabn          |a aaa     c</controlfield>
  <datafield tag="010" ind1=" " ind2=" ">
    <subfield code="a">no2014103175</subfield>
  </datafield>
  <datafield tag="035" ind1=" " ind2=" ">
    <subfield code="a">(OCoLC)oca09926544</subfield>
  </datafield>
  <datafield tag="040" ind1=" " ind2=" ">
    <subfield code="a">ScU</subfield>
    <subfield code="b">eng</subfield>
    <subfield code="e">rda</subfield>
    <subfield code="c">ScU</subfield>
  </datafield>
  <datafield tag="100" ind1="1" ind2=" ">
    <subfield code="a">Bree, Leendert van</subfield>
  </datafield>
  <datafield tag="370" ind1=" " ind2=" ">
    <subfield code="c">Netherlands</subfield>
    <subfield code="2">naf</subfield>
  </datafield>
  <datafield tag="371" ind1=" " ind2=" ">
    <subfield code="m">leendert.vanbree@pbl.nl</subfield>
  </datafield>
  <datafield tag="372" ind1=" " ind2=" ">
    <subfield code="a">Environmental health</subfield>
    <subfield code="a">Environmental management</subfield>
    <subfield code="a">Environmental policy</subfield>
    <subfield code="2">lcsh</subfield>
  </datafield>
  <datafield tag="373" ind1=" " ind2=" ">
    <subfield code="a">Netherlands. Planbureau voor de Leefomgeving. Department of Spiritual Planning and Quality of Living</subfield>
  </datafield>
  <datafield tag="375" ind1=" " ind2=" ">
    <subfield code="a">male</subfield>
  </datafield>
  <datafield tag="377" ind1=" " ind2=" ">
    <subfield code="a">eng</subfield>
    <subfield code="a">dut</subfield>
  </datafield>
  <datafield tag="400" ind1="1" ind2=" ">
    <subfield code="a">Van Bree, Leendert</subfield>
  </datafield>
  <datafield tag="670" ind1=" " ind2=" ">
    <subfield code="a">Adapting to an uncertain climate, 2014:</subfield>
    <subfield code="b">title page (Leendert van Bree) title page verso (Leendert van Bree, Department of Spiritual Planning and Quality of Living, PBL Netherlands Environmental Assessment Agency, The Hague, The Netherlands) page xv (leendert.vanbree@pbl.nl)</subfield>
  </datafield>
</record>